<record><leader>00000cas a22000007a 4500</leader><controlfield tag="001">10463831</controlfield><controlfield tag="008">840227d19161917vi dn ne      0   a0eng d</controlfield><datafield ind1=" " ind2=" " tag="010"><subfield code="a">sn 84037514 </subfield></datafield><datafield ind1=" " ind2=" " tag="040"><subfield code="a">NVI</subfield><subfield code="b">eng</subfield><subfield code="c">NPV</subfield><subfield code="d">DLC</subfield><subfield code="d">NYG</subfield><subfield code="d">DLC</subfield></datafield><datafield ind1=" " ind2=" " tag="042"><subfield code="a">msc</subfield></datafield><datafield ind1="0" ind2=" " tag="130"><subfield code="a">Bulletin (Saint Thomas, United States Virgin Islands : 1916)</subfield></datafield><datafield ind1="0" ind2="4" tag="245"><subfield code="a">The bulletin.</subfield></datafield><datafield ind1=" " ind2=" " tag="260"><subfield code="a">St. Thomas [V.I.] :</subfield><subfield code="b">L. Nolte,</subfield><subfield code="c">1916-1917.</subfield></datafield><datafield ind1=" " ind2=" " tag="300"><subfield code="a">2 v.</subfield></datafield><datafield ind1=" " ind2=" " tag="310"><subfield code="a">Daily (except Sunday)</subfield></datafield><datafield ind1="0" ind2=" " tag="362"><subfield code="a">41st year (Jan. 3, 1916)-42nd year (Apr. 17, 1917).</subfield></datafield><datafield ind1=" " ind2=" " tag="500"><subfield code="a">Editor: Leroy Nolte.</subfield></datafield><datafield ind1=" " ind2=" " tag="580"><subfield code="a">Merged with the St. Thomas tidende to become The Bulletin with which is incorporated the St. Thomas tidende.</subfield></datafield><datafield ind1="1" ind2=" " tag="700"><subfield code="a">Nolte, Leroy.</subfield></datafield><datafield ind1=" " ind2=" " tag="752"><subfield code="a">United States</subfield><subfield code="b">Virgin Islands</subfield><subfield code="c">Saint Thomas</subfield><subfield code="d">Saint Thomas.</subfield></datafield><datafield ind1="0" ind2="0" tag="780"><subfield code="t">Bulletin with which is incorporated the St. Thomas commercial and shipping gazette</subfield><subfield code="w">(DLC)sn 84037513</subfield></datafield><datafield ind1="1" ind2="7" tag="785"><subfield code="t">St. Thomas tidende</subfield><subfield code="w">(DLC)sn 83025891</subfield></datafield><datafield ind1="1" ind2="7" tag="785"><subfield code="t">Bulletin with which is incorporated the St. Thomas tidende</subfield><subfield code="w">(DLC)sn 84037515</subfield></datafield></record>